@article{ghahramani2001introduction,
  title={An introduction to hidden Markov models and Bayesian networks},
  author={Ghahramani, Zoubin},
  journal={International journal of pattern recognition and artificial intelligence},
  volume={15},
  number={01},
  pages={9--42},
  year={2001},
  publisher={World Scientific}
}
@article{ghahramani2000variational,
  title={Variational learning for switching state-space models},
  author={Ghahramani, Zoubin and Hinton, Geoffrey E},
  journal={Neural computation},
  volume={12},
  number={4},
  pages={831--864},
  year={2000},
  publisher={MIT Press}
}

@book{shumway2006time,
  title={Time series analysis and its applications: with R examples},
  author={Shumway, Robert H and Stoffer, David S},
  year={2006},
  publisher={Springer Science \& Business Media}
}

@article{anderson1979optimal,
  title={Optimal filtering},
  author={Anderson, Brian DO and Moore, John B},
  journal={Englewood Cliffs},
  volume={21},
  pages={22--95},
  year={1979}
}
